<record><leader>00000cas a2200000 a 4500</leader><controlfield tag="001">11563247</controlfield><controlfield tag="008">850109d18901893ksuwr ne      0   a0eng d</controlfield><datafield ind1=" " ind2=" " tag="010"><subfield code="a">sn 84030448 </subfield></datafield><datafield ind1=" " ind2=" " tag="040"><subfield code="a">KSH</subfield><subfield code="b">eng</subfield><subfield code="c">KSH</subfield><subfield code="d">NPT</subfield><subfield code="d">OCL</subfield><subfield code="d">OCLCQ</subfield></datafield><datafield ind1=" " ind2=" " tag="042"><subfield code="a">msc</subfield></datafield><datafield ind1="0" ind2=" " tag="130"><subfield code="a">Free lance (Burrton, Kan.)</subfield></datafield><datafield ind1="1" ind2="4" tag="245"><subfield code="a">The Free lance.</subfield></datafield><datafield ind1=" " ind2=" " tag="260"><subfield code="a">Burrton, Kan. :</subfield><subfield code="b">Purcell &amp; Brannine,</subfield><subfield code="c">1890-1893.</subfield></datafield><datafield ind1=" " ind2=" " tag="300"><subfield code="a">4 v. :</subfield><subfield code="b">ill. ;</subfield><subfield code="c">60 cm.</subfield></datafield><datafield ind1=" " ind2=" " tag="310"><subfield code="a">Weekly</subfield></datafield><datafield ind1="0" ind2=" " tag="362"><subfield code="a">Vol. 1, no. 1 (Feb. 22, 1890)-v. 4, no. 4 (Mar. 17, 1893).</subfield></datafield><datafield ind1=" " ind2=" " tag="500"><subfield code="a">Published by: Paul L. Murray, July 5-Dec. 20, 1890; Leslie I. Purcell, Dec. 27, 1890-Mar. 17, 1893.</subfield></datafield><datafield ind1=" " ind2=" " tag="550"><subfield code="a">"Official organ of Harvey County Alliance and Industrial Union," Apr. 18, 1891-</subfield></datafield><datafield ind1=" " ind2=" " tag="752"><subfield code="a">United States</subfield><subfield code="b">Kansas</subfield><subfield code="c">Harvey</subfield><subfield code="d">Burrton.</subfield></datafield><datafield ind1="0" ind2="4" tag="785"><subfield code="t">Burrton graphic (Burrton, Kan. : 1893)</subfield><subfield code="w">(DLC)sn 84030444</subfield></datafield></record>